<?xml version="1.0"?>
<marc:collection xmlns:marc="http://www.loc.gov/MARC21/slim" xmlns:xsi="http://www.w3.org/2001/XMLSchema-instance" xsi:schemaLocation="http://www.loc.gov/MARC21/slim http://www.loc.gov/standards/marcxml/schema/MARC21slim.xsd">
   <marc:record type="Bibliographic">
      <marc:leader>01470cam a22003375  4500</marc:leader>
      <marc:controlfield tag="001">1654392</marc:controlfield>
      <marc:controlfield tag="003">NjP</marc:controlfield>
      <marc:controlfield tag="005">20140528131901.0</marc:controlfield>
      <marc:controlfield tag="008">890329s1929    ua ah         000 0 ara d</marc:controlfield>
      <marc:datafield tag="024" ind1="7" ind2=" ">
         <marc:subfield code="a">princeton_aco000008</marc:subfield>
         <marc:subfield code="2">local</marc:subfield>
      </marc:datafield>
      <marc:datafield tag="035" ind1=" " ind2=" ">
         <marc:subfield code="a">(OCoLC)ocn177656159</marc:subfield>
      </marc:datafield>
      <marc:datafield tag="035" ind1=" " ind2=" ">
         <marc:subfield code="a">(OCoLC)ocm19475129</marc:subfield>
      </marc:datafield>
      <marc:datafield tag="040" ind1=" " ind2=" ">
         <marc:subfield code="a">CUY</marc:subfield>
         <marc:subfield code="c">PUL</marc:subfield>
         <marc:subfield code="d">PUL</marc:subfield>
      </marc:datafield>
      <marc:datafield tag="066" ind1=" " ind2=" ">
         <marc:subfield code="c">(3</marc:subfield>
      </marc:datafield>
      <marc:datafield tag="035" ind1=" " ind2=" ">
         <marc:subfield code="a">(OCoLC)177656159</marc:subfield>
      </marc:datafield>
      <marc:datafield tag="035" ind1=" " ind2=" ">
         <marc:subfield code="9">CFG6055TS</marc:subfield>
      </marc:datafield>
      <marc:datafield tag="035" ind1=" " ind2=" ">
         <marc:subfield code="a">(NjP)1654392</marc:subfield>
      </marc:datafield>
      <marc:datafield tag="079" ind1=" " ind2=" ">
         <marc:subfield code="a">ocm19475129</marc:subfield>
      </marc:datafield>
      <marc:datafield tag="049" ind1=" " ind2=" ">
         <marc:subfield code="a">PULL</marc:subfield>
      </marc:datafield>
      <marc:datafield tag="100" ind1="1" ind2=" ">
         <marc:subfield code="a">Ben-Zeev, Israel,</marc:subfield>
         <marc:subfield code="d">1899-</marc:subfield>
      </marc:datafield>
      <marc:datafield tag="245" ind1="1" ind2="0">
         <marc:subfield code="6">880-01</marc:subfield>
         <marc:subfield code="a">Ta&#x304;ri&#x304;kh &#x2BC;al-lugha&#x304;t &#x2BC;al-Sa&#x304;mi&#x304;yah /</marc:subfield>
         <marc:subfield code="c">ta&#x2BC;li&#x304;f Isra&#x304;&#x2BC;i&#x304;l Wulfinsu&#x304;n Abu&#x304; Dhu&#x2BC;ayb.</marc:subfield>
      </marc:datafield>
      <marc:datafield tag="260" ind1=" " ind2=" ">
         <marc:subfield code="6">880-02</marc:subfield>
         <marc:subfield code="a">al-Qa&#x304;hirah :</marc:subfield>
         <marc:subfield code="b">Mat&#x323;ba&#x2BB;at al-I&#x2BB;tima&#x304;d,</marc:subfield>
         <marc:subfield code="c">1929.</marc:subfield>
      </marc:datafield>
      <marc:datafield tag="300" ind1=" " ind2=" ">
         <marc:subfield code="a">[8],294 p.</marc:subfield>
         <marc:subfield code="b">illus.,facsims.</marc:subfield>
      </marc:datafield>
      <marc:datafield tag="500" ind1=" " ind2=" ">
         <marc:subfield code="a">Translation of title: A history of the Sametic languages, the work of Dr. Israel Wolfenson ...</marc:subfield>
      </marc:datafield>
      <marc:datafield tag="500" ind1=" " ind2=" ">
         <marc:subfield code="6">880-03</marc:subfield>
         <marc:subfield code="a">At head of title: Lajnat al-Ta&#x2BC;li&#x304;f wa-al-Tarjamah wa-al-Nashr, sanat 1914. [Association of Authorship Translation and Publication, 1914]</marc:subfield>
      </marc:datafield>
      <marc:datafield tag="650" ind1=" " ind2="0">
         <marc:subfield code="a">Semitic languages</marc:subfield>
         <marc:subfield code="x">History.</marc:subfield>
      </marc:datafield>
      <marc:datafield tag="880" ind1="1" ind2="0">
         <marc:subfield code="6">245-01/(3/r</marc:subfield>
         <marc:subfield code="a">&#x62A;&#x627;&#x631;&#x64A;&#x62E; &#x623;&#x644;&#x644;&#x63A;&#x627;&#x62A; &#x623;&#x644;&#x633;&#x627;&#x645;&#x64A;&#x629; /</marc:subfield>
         <marc:subfield code="c">&#x62A;&#x623;&#x644;&#x64A;&#x641; &#x627;&#x633;&#x631;&#x627;&#x626;&#x64A;&#x644; &#x648;&#x644;&#x641;&#x646;&#x633;&#x648;&#x646; &#x627;&#x628;&#x648; &#x630;&#x624;&#x64A;&#x628;.</marc:subfield>
      </marc:datafield>
      <marc:datafield tag="880" ind1=" " ind2=" ">
         <marc:subfield code="6">260-02/(3/r</marc:subfield>
         <marc:subfield code="a">&#x627;&#x644;&#x642;&#x627;&#x647;&#x631;&#x629; :</marc:subfield>
         <marc:subfield code="b">&#x645;&#x637;&#x628;&#x639;&#x629; &#x627;&#x644;&#x627;&#x639;&#x62A;&#x645;&#x627;&#x62F;&#x60C;</marc:subfield>
         <marc:subfield code="c">1929.</marc:subfield>
      </marc:datafield>
      <marc:datafield tag="880" ind1=" " ind2=" ">
         <marc:subfield code="6">500-03/(3/r</marc:subfield>
         <marc:subfield code="a">At head of title:&#x644;&#x62C;&#x646;&#x629; &#x627;&#x644;&#x62A;&#x623;&#x644;&#x64A;&#x641; &#x648;&#x627;&#x644;&#x62A;&#x631;&#x62C;&#x645;&#x629; &#x648;&#x627;&#x644;&#x646;&#x634;&#x631;&#x60C; &#x633;&#x646;&#x629; 1914. [Association of Authorship Translation and Publication, 1914]</marc:subfield>
      </marc:datafield>
      <marc:datafield tag="947" ind1=" " ind2=" ">
         <marc:subfield code="a">CFG6055</marc:subfield>
      </marc:datafield>
      <marc:datafield tag="911" ind1=" " ind2=" ">
         <marc:subfield code="a">20000130</marc:subfield>
      </marc:datafield>
      <marc:datafield tag="994" ind1=" " ind2=" ">
         <marc:subfield code="a">C0</marc:subfield>
         <marc:subfield code="b">PUL</marc:subfield>
      </marc:datafield>
      <marc:datafield tag="999" ind1=" " ind2=" ">
         <marc:subfield code="a">1654392</marc:subfield>
      </marc:datafield>
   </marc:record>
</marc:collection>
